@DocuShare{LSE-419,
  author = {Keith Bechtol},
   title = "{Commissioning Science Verification Test Specification [draft]}",
    year = 2020,
   month = Jun,
  handle = {LSE-419},
     url = {https://lse-419.lsst.io/v/jira-sync/index.html},
}
